@techreport{CERN-LHCC-2017-009,
      author        = "CMS Collaboration",
      title         = "{The Phase-2 Upgrade of the CMS Tracker}",
      institution   = "CERN",
      reportNumber  = "CERN-LHCC-2017-009, CMS-TDR-014",
      address       = "Geneva",
      year          = "2017",
      url           = "https://cds.cern.ch/record/2272264",
      doi           = "10.17181/CERN.QZ28.FLHW",
}

@techreport{CMS:2667167,
      author        = "CMS Collaboration",
      title         = "{A MIP Timing Detector for the CMS Phase-2 Upgrade}",
      institution   = "CERN",
      reportNumber  = "CERN-LHCC-2019-003, CMS-TDR-020",
      address       = "Geneva",
      year          = "2019",
      url           = "https://cds.cern.ch/record/2667167",
}

@techreport{CERN-LHCC-2017-011,
      author        = "CMS Collaboration",
      title         = "{The Phase-2 Upgrade of the CMS Barrel Calorimeters}",
      institution   = "CERN",
      reportNumber  = "CERN-LHCC-2017-011, CMS-TDR-015",
      address       = "Geneva",
      year          = "2017",
      url           = "https://cds.cern.ch/record/2283187",
}

@techreport{CERN-LHCC-2017-023,
      author        = "CMS Collaboration",
      title         = "{The Phase-2 Upgrade of the CMS Endcap Calorimeter}",
      institution   = "CERN",
      reportNumber  = "CERN-LHCC-2017-023, CMS-TDR-019",
      address       = "Geneva",
      year          = "2017",
      url           = "https://cds.cern.ch/record/2293646",
      doi           = "10.17181/CERN.IV8M.1JY2",
}

@techreport{CERN-LHCC-2017-012,
      author        = "CMS Collaboration",
      title         = "{The Phase-2 Upgrade of the CMS Muon Detectors}",
      institution   = "CERN",
      reportNumber  = "CERN-LHCC-2017-012, CMS-TDR-016",
      address       = "Geneva",
      year          = "2017",
      url           = "https://cds.cern.ch/record/2283189",
}

@techreport{CERN-LHCC-2017-013,
      author        = "CMS Collaboration",
      title         = "{The Phase-2 Upgrade of the CMS L1 Trigger Interim
                       Technical Design Report}",
      institution   = "CERN",
      reportNumber  = "CERN-LHCC-2017-013, CMS-TDR-017",
      address       = "Geneva",
      year          = "2017",
      url           = "https://cds.cern.ch/record/2283192",
      doi           = "10.17181/CERN.UUWZ.FMIS",
}

@techreport{CERN-LHCC-2017-014,
      author        = "CMS Collaboration",
      title         = "{The Phase-2 Upgrade of the CMS DAQ Interim Technical
                       Design Report}",
      institution   = "CERN",
      reportNumber  = "CERN-LHCC-2017-014, CMS-TDR-018",
      address       = "Geneva",
      year          = "2017",
      url           = "https://cds.cern.ch/record/2283193",
}

@article{Firlej_2015,
doi = {10.1088/1748-0221/10/11/P11012},
url = {https://dx.doi.org/10.1088/1748-0221/10/11/P11012},
year = {2015},
month = {nov},
publisher = {},
volume = {10},
number = {11},
pages = {P11012},
author = {M. Firlej and T. Fiutowski and M. Idzik and S. Kulis and J. Moron and K. Swientek},
title = {A fast, ultra-low and frequency-scalable power consumption, 10-bit SAR ADC for particle physics detectors},
journal = {Journal of Instrumentation},
}

@techreport{Dulucq:2797658,
      author        = "Dulucq, Frederic",
      collaboration = "CMS",
      title         = "{HGCROC3: the front-end readout ASIC for the CMS High
                       Granularity Calorimeter}",
      institution   = "CERN",
      reportNumber  = "CMS-CR-2021-191",
      address       = "Geneva",
      number        = "03",
      year          = "2022",
      url           = "https://cds.cern.ch/record/2797658",
      doi           = "10.1088/1748-0221/17/03/C03015",
}

@INPROCEEDINGS{Bombardi:9508012,
  author={Bombardi, G. and Marchioro, A. and Vergine, T. and Bouyjou, F. and Guilloux, F. and Callier, S. and Dulucq, F. and Berni, M. El and de La Taille, C. and Raux, L. and Thienpont, D. and Extier, S. and Firlej, M. and Fiutowski, T. and Idzik, M. and Moron, J. and Swientek, K.},
  booktitle={2020 IEEE Nuclear Science Symposium and Medical Imaging Conference (NSS/MIC)}, 
  title={HGCROC-Si and HGCROC-SiPM: the front-end readout ASICs for the CMS HGCAL}, 
  year={2020},
  volume={},
  number={},
  pages={1-4},
  keywords={Conferences;Data acquisition;Ions;Silicon;Timing;Sensors;Total ionizing dose},
  doi={10.1109/NSS/MIC42677.2020.9508012}}

@article{Fassò:277533,
      author        = "Fassò, A and Ferrari, A and Ranft, J and Sala, P R",
      title         = "{FLUKA: present status and future developments}",
      year          = "1994",
      url           = "https://cds.cern.ch/record/277533",
}

@ARTICLE{giulio,
  author={Borghello, Giulio and Faccio, Federico and Lerario, Edoardo and Michelis, Stefano and Kulis, Szymon and Fleetwood, Daniel M. and Schrimpf, Ronald D. and Gerardin, Simone and Paccagnella, Alessandro and Bonaldo, Stefano},
  journal={IEEE Transactions on Nuclear Science}, 
  title={Dose-Rate Sensitivity of 65-nm MOSFETs Exposed to Ultrahigh Doses}, 
  year={2018},
  volume={65},
  number={8},
  pages={1482-1487},
  keywords={Degradation;X-rays;Sensitivity;MOSFET;Electric fields;Radiation effects;Deep-sub-micrometer metal–oxide–semiconductor (MOS);enhanced low-dose-rate sensitivity (ELDRS);total ionizing dose (TID) effects},
  doi={10.1109/TNS.2018.2828142}}

@article{federico,
title = {Computational method to estimate Single Event Upset rates in an accelerator environment},
journal = {Nuclear Instruments and Methods in Physics Research Section A: Accelerators, Spectrometers, Detectors and Associated Equipment},
volume = {450},
number = {1},
pages = {155-172},
year = {2000},
issn = {0168-9002},
doi = {https://doi.org/10.1016/S0168-9002(00)00155-8},
url = {https://www.sciencedirect.com/science/article/pii/S0168900200001558},
author = {M Huhtinen and F Faccio},
keywords = {SEU, Single event upset, Radiation tolerance},
}

@techreport{Cavallari:2798128,
      author        = "Cavallari, Francesca and Rovelli, Chiara Ilaria",
      collaboration = "CMS",
      title         = "{Calibration and Performance of the CMS Electromagnetic
                       Calorimeter in LHC Run2}",
      institution   = "CERN",
      reportNumber  = "CMS-CR-2020-023",
      address       = "Geneva",
      year          = "2020",
      url           = "https://cds.cern.ch/record/2798128",
      doi           = "10.1051/epjconf/202024502027",
}

@article{Sauvan_2015,
doi = {10.1088/1742-6596/587/1/012021},
url = {https://dx.doi.org/10.1088/1742-6596/587/1/012021},
year = {2015},
month = {feb},
publisher = {},
volume = {587},
number = {1},
pages = {012021},
author = {Jean-Baptiste Sauvan and (On behalf ofthe CMS Collaboration)},
title = {Performance and upgrade of the CMS electron and photon trigger for Run 2},
journal = {Journal of Physics: Conference Series},
}

@article{Zabi_2016,
doi = {10.1088/1748-0221/11/02/C02008},
url = {https://dx.doi.org/10.1088/1748-0221/11/02/C02008},
year = {2016},
month = {feb},
publisher = {},
volume = {11},
number = {02},
pages = {C02008},
author = {A. Zabi and F. Beaudette and L. Cadamuro and L. Mastrolorenzo and T. Romanteau and J.B. Sauvan and T. Strebler and J. Marrouche and N. Wardle and R. Aggleton and F. Ball and J. Brooke and D. Newbold and S. Paramesvaran and D. Smith and M. Baber and A. Bundock and M. Citron and A. Elwood and G. Hall and G. Iles and C. Laner and B. Penning and A. Rose and A. Tapper and T. Durkin and K. Harder and S. Harper and C. Shepherd-Themistocleous and A. Thea and T. Williams},
title = {Triggering on electrons, jets and tau leptons  with the CMS upgraded calorimeter trigger for the LHC RUN II},
journal = {Journal of Instrumentation},
}

@article{Sirunyan_2020,
doi = {10.1088/1748-0221/15/10/P10017},
url = {https://dx.doi.org/10.1088/1748-0221/15/10/P10017},
year = {2020},
month = {oct},
publisher = {},
volume = {15},
number = {10},
pages = {P10017},
author = "CMS Collaboration",
title = {Performance of the CMS Level-1 trigger in proton-proton collisions at √s = 13 TeV},
journal = {Journal of Instrumentation},
}

@thesis{Motta:2881939,
      author        = "Motta, Jona",
      title         = "{Development of machine learning based $\tau$ trigger algorithms and search for Higgs boson pair production in the bb$\tau$$\tau$ decay channel with the CMS detector at the LHC}",
      school        = "LLR, Palaiseau",
      year          = "2023",
      url           = "https://cds.cern.ch/record/2881939",
      note          = "Presented on 24 Oct 2023",
}

@ARTICLE{1672070,
  author={Amari, S.-I.},
  journal={IEEE Transactions on Computers}, 
  title={Learning Patterns and Pattern Sequences by Self-Organizing Nets of Threshold Elements}, 
  year={1972},
  volume={C-21},
  number={11},
  pages={1197-1206},
  keywords={Associative memory, brain model, concept formation, logic nets of threshold elements, self-organization, sequential recalling, stability of state transition.},
  doi={10.1109/T-C.1972.223477}}

@ARTICLE{4082265,
  author={Fukushima, Kunihiko},
  journal={IEEE Transactions on Systems Science and Cybernetics}, 
  title={Visual Feature Extraction by a Multilayered Network of Analog Threshold Elements}, 
  year={1969},
  volume={5},
  number={4},
  pages={322-333},
  keywords={Feature extraction;Network synthesis;Biological system modeling;Computational modeling;Computer simulation;Biology computing;Computer networks;Character recognition;Handwriting recognition;Biological systems},
  doi={10.1109/TSSC.1969.300225}}

@article{PUPPI_2014,
    doi = {10.1007/jhep10(2014)059},
    url = {https://doi.org/10.1007%2Fjhep10%282014%29059},
    year = {2014},
    month = {10},
    title = {Pileup per particle identification},
    number = {10},
    volume = {2014},
    journal = {Journal of High Energy Physics},
    publisher = {Springer Science and Business Media {LLC}},
    author = {Daniele Bertolini and Philip Harris and Matthew Low and Nhan Tran},
}

@misc{ADAM_2017,
    year = {2017},
    title = {Adam: A Method for Stochastic Optimization},
    eprint = {1412.6980},
    primaryclass = {cs.LG},
    archiveprefix = {arXiv},
    author = {Diederik P. Kingma and Jimmy Ba},
}

@unpublished{NVIDIAgpu,
    url = {https://www.nvidia.com/en-us/data-center/v100/#:~:text=NVIDIA®%20V100%20Tensor%20Core,CPUs%20in%20a%20single%20GPU.
  },
    note = {(last visited 9 August 2023)},
    title = {NVIDIA Tesla V100 Tensor Core GPU},
    author = {NVIDIA},
}

\bibitem{currentL1}
The CMS Collaboration, Performance of the CMS Level-1 trigger in proton-proton collisions at $\sqrt{s}=13\;TeV$, JINST 15 P10017, 2020.
\bibitem{SM}
M. J. Herrero, "The Srandard Model". arXiv:hep-ph/9812242
\bibitem{discovery1}
The ATLAS Collaboration, “Observation of a new particle in the search for the standard model Higgs boson with the ATLAS detector at the LHC”, Phys. Lett. B 716 (2012) 1, doi:10.1016/j.physletb.2012.08.020, arXiv:1207.7214.
\bibitem{discovery2}
The CMS Collaboration, “Observation of a new boson at a mass of 125 GeV with the CMS experiment at the LHC”, Phys. Lett. B 716 (2012) 30, doi:10.1016/j.physletb.2012.08.021, arXiv:1207.7235.
\bibitem{discovery3}
The CMS collaboration, Chatrchyan, S., Khachatryan, V. et al. Observation of a new boson with mass near 125 GeV in pp collisions at $\sqrt{s}$ = 7 and 8 TeV. J. High Energ. Phys. 2013, 81 (2013), doi:10.1007/JHEP06(2013)081
\bibitem{mh}
The ATLAS anc CMS collaborations, "Combined Measurement of the Higgs Boson Mass in pp Collisions at $\sqrt{s}$ = 7 and 8 TeV with the ATLAS and CMS Experiments". Phys. Rev. Lett. 114 (2015) 191803, doi:10.1103/PhysRevLett.114.191803, arXiv:1503.07589.
\bibitem{Hproperties}
The ATLAS anc CMS collaborations, "Measurements of the Higgs boson production and decay rates and constraints on its couplings from a combined ATLAS and CMS analysis of the LHC pp collision data at $\sqrt{s}$ = 7 and 8 TeV". JHEP 08 (2016) 045, 
doi:10.48550/arXiv.1606.02266.
\bibitem{paperbbtautau}
The CMS collaboration, "Search for nonresonant Higgs boson pair production in final state with two bottom quarks and two tau leptons in proton-proton collisions at $\sqrt{s}$ = 13 TeV". Phys. Lett. B 842 (2023) 137531, arXiv:2206.09401, 
doi:10.1016/j.physletb.2022.137531.